<record><leader>00000nas a2200000 i 4500</leader><controlfield tag="001">1004394391</controlfield><controlfield tag="006">m     o  d        </controlfield><controlfield tag="007">cr |||||||||||</controlfield><controlfield tag="008">170920d19061907inudn n o     0   a0eng  </controlfield><datafield ind1=" " ind2=" " tag="010"><subfield code="a">  2017218859</subfield></datafield><datafield ind1=" " ind2=" " tag="040"><subfield code="a">DLC</subfield><subfield code="b">eng</subfield><subfield code="e">rda</subfield><subfield code="c">DLC</subfield></datafield><datafield ind1=" " ind2=" " tag="022"><subfield code="a">2575-1050</subfield><subfield code="2">1</subfield></datafield><datafield ind1=" " ind2=" " tag="042"><subfield code="a">pcc</subfield><subfield code="a">nsdp</subfield></datafield><datafield ind1=" " ind2=" " tag="043"><subfield code="a">n-us-in</subfield></datafield><datafield ind1="1" ind2="0" tag="050"><subfield code="a">ISSN RECORD</subfield></datafield><datafield ind1="1" ind2="0" tag="082"><subfield code="a">071</subfield><subfield code="2">23</subfield></datafield><datafield ind1="0" ind2=" " tag="130"><subfield code="a">Richmond palladium (Richmond, Ind. : 1906)</subfield></datafield><datafield ind1=" " ind2="4" tag="222"><subfield code="a">The Richmond palladium</subfield><subfield code="b">(Richmond, Ind. 1906. Online)</subfield></datafield><datafield ind1="1" ind2="4" tag="245"><subfield code="a">The Richmond palladium.</subfield></datafield><datafield ind1=" " ind2="1" tag="264"><subfield code="a">Richmond, Ind. :</subfield><subfield code="b">Palladium Printing Co.,</subfield><subfield code="c">1906-1907.</subfield></datafield><datafield ind1=" " ind2=" " tag="300"><subfield code="a">1 online resource</subfield></datafield><datafield ind1=" " ind2=" " tag="310"><subfield code="a">Daily,</subfield><subfield code="b">June 24, 1906-Mar. 16, 1907</subfield></datafield><datafield ind1=" " ind2=" " tag="321"><subfield code="a">Daily (except Sun.),</subfield><subfield code="b">Mar. 26, 1906-June 23, 1906</subfield></datafield><datafield ind1=" " ind2=" " tag="336"><subfield code="a">text</subfield><subfield code="b">txt</subfield><subfield code="2">rdacontent</subfield></datafield><datafield ind1=" " ind2=" " tag="337"><subfield code="a">computer</subfield><subfield code="b">c</subfield><subfield code="2">rdamedia</subfield></datafield><datafield ind1=" " ind2=" " tag="338"><subfield code="a">online resource</subfield><subfield code="b">cr</subfield><subfield code="2">rdacarrier</subfield></datafield><datafield ind1="1" ind2=" " tag="362"><subfield code="a">Began with vol. XXXI, no. 73 (March 26, 1906); ceased with vol. XXXI, no. 363 (March 16, 1907).</subfield></datafield><datafield ind1=" " ind2=" " tag="515"><subfield code="a">Issues from Feb. 16-Mar. 16, 1907 were numbered v. 31, no. 363.</subfield></datafield><datafield ind1=" " ind2=" " tag="580"><subfield code="a">Merged with: Farm palladium, and; Richmond sun-telegram, to form: Palladium and sun-telegram. Cf. Miller, J.W. Ind. newspaper bibl.</subfield></datafield><datafield ind1=" " ind2=" " tag="580"><subfield code="a">Published also in a weekly ed. called: Farm palladium.</subfield></datafield><datafield ind1=" " ind2=" " tag="588"><subfield code="a">Description based on: Vol. XXXI, no. 73 (March 26, 1906); title from masthead (Chroniclingamerica.loc.gov, viewed September 20, 2017).</subfield></datafield><datafield ind1=" " ind2=" " tag="588"><subfield code="a">Latest issue consulted: Vol. XXXI, no. 363 (March 16, 1907) (Chroniclingamerica.loc.gov, viewed September 20, 2017).</subfield></datafield><datafield ind1=" " ind2="0" tag="651"><subfield code="a">Richmond (Ind.)</subfield><subfield code="v">Newspapers.</subfield></datafield><datafield ind1=" " ind2="0" tag="651"><subfield code="a">Wayne County (Ind.)</subfield><subfield code="v">Newspapers.</subfield></datafield><datafield ind1=" " ind2="7" tag="651"><subfield code="a">Indiana</subfield><subfield code="z">Richmond.</subfield><subfield code="2">fast</subfield><subfield code="0">(OCoLC)fst01205951</subfield></datafield><datafield ind1=" " ind2="7" tag="651"><subfield code="a">Indiana</subfield><subfield code="z">Wayne County.</subfield><subfield code="2">fast</subfield><subfield code="0">(OCoLC)fst01218729</subfield></datafield><datafield ind1=" " ind2="7" tag="655"><subfield code="a">Newspapers.</subfield><subfield code="2">fast</subfield><subfield code="0">(OCoLC)fst01423814</subfield></datafield><datafield ind1=" " ind2=" " tag="752"><subfield code="a">United States</subfield><subfield code="b">Indiana</subfield><subfield code="c">Wayne</subfield><subfield code="d">Richmond.</subfield></datafield><datafield ind1="1" ind2=" " tag="775"><subfield code="t">Farm palladium</subfield></datafield><datafield ind1="0" ind2="8" tag="776"><subfield code="i">Originally issued in print:</subfield><subfield code="t">Richmond palladium (Richmond, Ind. : 1906)</subfield><subfield code="x">2575-1042</subfield><subfield code="w">(DLC)sn 82015675</subfield><subfield code="w">(OCoLC)8809660</subfield></datafield><datafield ind1="0" ind2="0" tag="780"><subfield code="t">Richmond daily palladium (Richmond, Ind. : 1905)</subfield><subfield code="x">2575-1018</subfield><subfield code="w">(DLC)sn 86058252</subfield><subfield code="w">(OCoLC)13110811</subfield></datafield><datafield ind1="1" ind2="7" tag="785"><subfield code="t">Farm palladium</subfield></datafield><datafield ind1="1" ind2="7" tag="785"><subfield code="t">Richmond sun-telegram (Richmond, Ind. : 1906 : Daily)</subfield></datafield><datafield ind1="1" ind2="7" tag="785"><subfield code="t">Richmond palladium and sun-telegram</subfield></datafield><datafield ind1="4" ind2="0" tag="856"><subfield code="u">http://www.loc.gov/chroniclingamerica/lccn/sn82015675/issues</subfield></datafield></record>